-- categorizou os impactos de MAS na indústria e na academia 
@inproceedings{Muller2014,
  title={Application impact of multi-agent systems and technologies: a survey},
  author={M{\"u}ller, J{\"o}rg P and Fischer, Klaus},
  booktitle={Agent-oriented software engineering},
  pages={27--53},
  year={2014},
  organization={Springer}
}

-- multiagente + redes neurais
@inproceedings{Wolf2015,
  title={Drag-and-drop cognition: Graphical User Interface for cognitive-affective models in multi-agent systems},
  author={Wolf, Ingo and Gortana, Flavio and Herrmann, Ivo and Thiele, Paul and Heidmann, Frank and Schroder, T},
  booktitle={2nd GESIS Winter Symposium on Computational Social Science Cologne},
  year={2015}
}


@article{Fisher2008,
  title={Bounded asynchrony: Concurrency for modeling cell-cell interactions},
  author={Fisher, Jasmin and Henzinger, Thomas A and Mateescu, Maria and Piterman, Nir},
  journal={Lecture Notes in Computer Science},
  volume={5054},
  pages={17},
  year={2008},
  publisher={Springer}
}

@article{Strombom2017,
  title={Asynchrony promotes polarized collective motion in attraction based models},
  author={Str{\"o}mbom, Daniel and Hassan, Tasnia and Greis, W Hunter and Antia, Alice},
  year={2017},
  url={https://arxiv.org/pdf/1710.02484.pdf},
  note={Acessado em 16/11/2017}
}

@inproceedings{Wang2016,
  title={Formal modeling of biological systems},
  author={Wang, Qinsi and Clarke, Edmund M},
  booktitle={High Level Design Validation and Test Workshop (HLDVT), 2016 IEEE International},
  pages={178--184},
  year={2016},
  organization={IEEE}
}

@article{Symmons2016,
  title={What’s luck got to do with it: single cells, multiple fates, and biological nondeterminism},
  author={Symmons, Orsolya and Raj, Arjun},
  journal={Molecular cell},
  volume={62},
  number={5},
  pages={788--802},
  year={2016},
  publisher={Elsevier}
}

-- survey da pesquisa em multi-agent

@article{Niazi2011,
  title={Agent-based computing from multi-agent systems to agent-based models: a visual survey},
  author={Niazi, Muaz and Hussain, Amir},
  journal={Scientometrics},
  volume={89},
  number={2},
  pages={479--499},
  year={2011},
  publisher={Akad{\'e}miai Kiad{\'o}, co-published with Springer Science+ Business Media BV, Formerly Kluwer Academic Publishers BV}
}

-- estudou a escalabilidade, estabilidade e performace de sistemas multi agentes
@inproceedings{Prasad1996,
  title={Learning organizational roles in a heterogeneous multi-agent system},
  author={Prasad, MV Nagendra and Lesser, Victor R and Lander, Susan E},
  booktitle={Adaptation, Coevolution and Learning in Multiagent Systems: Papers from the 1996 AAAI Spring Symposium},
  pages={72--77},
  year={1996}
}

-- scalability in actor model
@inproceedings{Tasharofi2013,
  title={Why do scala developers mix the actor model with other concurrency models?},
  author={Tasharofi, Samira and Dinges, Peter and Johnson, Ralph E},
  booktitle={European Conference on Object-Oriented Programming},
  pages={302--326},
  year={2013},
  organization={Springer}
}

@article{Hewitt2010,
  title={Actor model of computation: scalable robust information systems},
  author={Hewitt, Carl},
  year={2010},
  url={https://arxiv.org/abs/1008.1459},
  note={Acessado em 16 de Novembro de 2017}
}

@inproceedings{Haller2012,
  title={On the integration of the actor model in mainstream technologies: the scala perspective},
  author={Haller, Philipp},
  booktitle={Proceedings of the 2nd edition on Programming systems, languages and applications based on actors, agents, and decentralized control abstractions},
  pages={1--6},
  year={2012},
  organization={ACM}
}

@article{Bedau2000,
  title={Open problems in artificial life},
  author={Bedau, Mark A and McCaskill, John S and Packard, Norman H and Rasmussen, Steen and Adami, Chris and Green, David G and Ikegami, Takashi and Kaneko, Kunihiko and Ray, Thomas S},
  journal={Artificial life},
  volume={6},
  number={4},
  pages={363--376},
  year={2000},
  publisher={MIT Press}
}

@book{Silberschatz2012,
  title={Operating system concepts essentials},
  author={Silberschatz, Abraham and Galvin, Peter Baer and Gagne, Greg},
  year={2012},
  publisher={John Wiley \& Sons, Inc.}
}

@article{Abbadi2011,
  title={Trust in the Cloud},
  author={Abbadi, Imad M and Martin, Andrew},
  journal={information security technical report},
  volume={16},
  number={3},
  pages={108--114},
  year={2011},
  publisher={Elsevier}
}

@inproceedings{Duch2008,
  title={Cognitive Architectures: Where do we go from here?},
  author={Duch, Wlodzislaw and Oentaryo, Richard Jayadi and Pasquier, Michel},
  booktitle={Artificial General Intelligence},
  volume={171},
  pages={122--136},
  year={2008}
}

@article{Cicirelli2015,
  title={Efficient environment management for distributed simulation of large-scale situated multi-agent systems},
  author={Cicirelli, Franco and Giordano, Andrea and Nigro, Libero},
  journal={Concurrency and Computation: Practice and Experience},
  volume={27},
  number={3},
  pages={610--632},
  year={2015},
  publisher={Wiley Online Library}
}

@article{Cicirelli2009,
  title={An agent infrastructure over HLA for distributed simulation of reconfigurable systems and its application to UAV coordination},
  author={Cicirelli, Franco and Furfaro, Angelo and Nigro, Libero},
  journal={Simulation},
  volume={85},
  number={1},
  pages={17--32},
  year={2009},
  publisher={Sage Publications Sage UK: London, England}
}

@article{Cicirelli2011,
  title={Modelling and simulation of complex manufacturing systems using statechart-based actors},
  author={Cicirelli, Franco and Furfaro, Angelo and Nigro, Libero},
  journal={Simulation Modelling Practice and Theory},
  volume={19},
  number={2},
  pages={685--703},
  year={2011},
  publisher={Elsevier}
}

@inproceedings{Pollack1990,
  title={Introducing the Tileworld: Experimentally evaluating agent architectures},
  author={Pollack, Martha E and Ringuette, Marc},
  booktitle={AAAI},
  volume={90},
  pages={p183--189},
  year={1990}
}

@inproceedings{Kwon2006,
  title={ActorNet: An actor platform for wireless sensor networks},
  author={Kwon, YoungMin and Sundresh, Sameer and Mechitov, Kirill and Agha, Gul},
  booktitle={Proceedings of the fifth international joint conference on Autonomous agents and multiagent systems},
  pages={1297--1300},
  year={2006},
  organization={ACM}
}

@inproceedings{Twardowski2014,
  title={Multi-agent architecture for real-time big data processing},
  author={Twardowski, Bartlomiej and Ryzko, Dominik},
  booktitle={Web Intelligence (WI) and Intelligent Agent Technologies (IAT), 2014 IEEE/WIC/ACM International Joint Conferences on},
  volume={3},
  pages={333--337},
  year={2014},
  organization={IEEE}
}

@book{Marz2015,
  title={Big Data: Principles and best practices of scalable realtime data systems},
  author={Marz, Nathan and Warren, James},
  year={2015},
  publisher={Manning Publications Co.}
}


-- Rev. Bibliografica
-- LIDA: A Working Model of Cognition

@article{Franklin2006,
  title={The LIDA architecture: Adding new modes of learning to an intelligent, autonomous, software agent},
  author={Franklin, Stan and Patterson Jr, FG},
  journal={Integrated Design and Process Technology},
  volume={703},
  pages={764--1004},
  year={2006}
}

@misc{Ramamurthy2006,
  title={LIDA: A working model of cognition},
  author={Ramamurthy, Uma and Baars, Bernard J and SK, D'Mello and Franklin, Stan},
  year={2006},
  note={Acessado em 16 de Novembro de 2017},
  url={http://cogprints.org/5852/},
}
 
@article{Baars1997,
  title={In the theatre of consciousness. Global workspace theory, a rigorous scientific theory of consciousness},
  author={Baars, Bernard J},
  journal={Journal of Consciousness Studies},
  volume={4},
  number={4},
  pages={292--309},
  year={1997},
  publisher={Imprint Academic}
}
 
-- CLARION
@article{Sun2016,
  title={The CLARION Cognitive Architecture: Toward a Comprehensive Theory of the Mind},
  author={Sun, Ron},
  journal={The Oxford Handbook of Cognitive Science},
  pages={117},
  year={2016},
  publisher={Oxford University Press}
}

@book{Sun2001,
  title={Duality of the mind: A bottom-up approach toward cognition},
  author={Sun, Ron},
  year={2001},
  publisher={Psychology Press}
}

@article{Curran1993,
  title={Attentional and nonattentional forms of sequence learning.},
  author={Curran, Tim and Keele, Steven W},
  journal={Journal of Experimental Psychology: Learning, Memory, and Cognition},
  volume={19},
  number={1},
  pages={189},
  year={1993},
  publisher={American Psychological Association}
}

-- Artífice 

@mastersthesis{Santos2003,
  Title = {Aspectos Conceituais e Arquiteturais para a Criação de Linhagens de Agentes de Software Cognitivos e Situados},
  Subtitle = {},
  Author = {Bruno André Santos},
  Year-presented = {Junho 2003},
  Pages = {130},
  Pagename = {f.},
  School = {CEFET-MG},
  Year = {2003},
  Address = {Belo Horizonte},
}

@inproceedings{Santos2004,
  title={Biologically Inspired Architecture for Creating Cognitive Situated Software Agents},
  author={Santos, Bruno A and Borges, Henrique E},
  booktitle={Workshop on Architecture and Methodology for Building Agent-Based Learning Environments},
  pages={111--116},
  year={2004}
}

@mastersthesis {Campos2006,
  title={Modelagem do processo cognitivo-emocional de um organismo artificial numa perspectiva dinâmico-interacionista},
  author={Luciana Maria de Assis Campos},
  school={CEFET-MG},
  Year-presented={2006},
  Pages={145},
  Pagename = {f.},
  Year={2006},
  Address={Belo Horizonte}
}

@mastersthesis {Mapa2009,
  title = {Modelagem de Organismos Artificiais Cognitivo-Emocionais Dotados de Memória Experimenal de Longo Prazo},
  author= {Suelen Mapa},
  school= {CEFET-MG},
  Year-presented={2009},
  Pages = {169},
  Pagename = {f.},
  Year  = {2009},
  Address = {Belo Horizonte}
}

@mastersthesis {Silva2008,
  title = {Modelagem e Desenvolvimento de um Mecanismo de Condicionamento para a Arquitetura Artífice},
  author= {Vinicius Alves Silva},
  school= {CEFET-MG},
  Year-presented={2008},
  Pages = {120},
  Pagename = {f.},
  year  = {2008},
}


@techreport{Reis2014,
  title = {Simulação computacional de criaturas baseadas em sistemas nervosos artificiais: estudo quantitativo dos efeitos da aprendizagem e memória na seletividade de ações},
  author = {Felipe Duarte dos Reis},
  year = {2014},
  institution = {CEFET-MG}
}

@mastersthesis {Assis2013,
  title={REPRODUÇÃO E HERANÇA FILOGENÉTICA EM CRIATURAS ARTIFICIAIS DOTADAS DE SISTEMA NERVOSO
},
  author={Jahina Fagundes de Assis},   
  school={CEFET-MG},
  Year-presented={2013},
  Pages={57},
  Pagename = {f.},
  Year={2013},
  Address={Belo Horizonte}
}

@inproceedings{Campos2015,
  title = {A concurrent, minimalist model for an embodied nervous system},
  author={Campos, Luciana Maria de Assis and  Dickman, Ronald and GRAEFF, F. G. and BORGES, Henrique E.},
  booktitle={International Brazilian Meeting on Cognitive Science},
  booktitleaddon={Proceedings of International Brazilian Meeting on Cognitive Science},
  year={2015}

}

@book{Hansen2013,
  title={The origin of concurrent programming: from semaphores to remote procedure calls},
  author={Hansen, Per Brinch},
  year={2013},
  publisher={Springer Science \& Business Media}
}

-- modelo de atores

@inproceedings{Hewitt1973,
  title={Session 8 Formalisms for Artificial Intelligence A Universal Modular ACTOR Formalism for Artificial Intelligence},
  author={Hewitt, Carl and Bishop, Peter and Steiger, Richard},
  booktitle={Advance Papers of the Conference},
  volume={3},
  pages={235},
  year={1973},
  organization={Stanford Research Institute}
}

@techreport{Agha1985,
  title={Actors: A model of concurrent computation in distributed systems.},
  author={Agha, Gul A},
  year={1985},
  institution={DTIC Document}
}

@book{Hewitt2013,
  title={What is computation? Actor model versus Turing’s model},
  author={Hewitt, Carl and Zenil, H},
  year={2013},
  publisher={World Scientific Publishing Singapore}
}

@techreport{Odersky2004,
  title={An overview of the Scala programming language},
  author={Odersky, Martin and Altherr, Philippe and Cremet, Vincent and Emir, Burak and Maneth, Sebastian and Micheloud, St{\'e}phane and Mihaylov, Nikolay and Schinz, Michel and Stenman, Erik and Zenger, Matthias},
  year={2004}
}

@article{Haller2009,
  title={Scala actors: Unifying thread-based and event-based programming},
  author={Haller, Philipp and Odersky, Martin},
  journal={Theoretical Computer Science},
  volume={410},
  number={2},
  pages={202--220},
  year={2009},
  publisher={Elsevier}
}

@article{Gropp1996,
  title={A high-performance, portable implementation of the MPI message passing interface standard},
  author={Gropp, William and Lusk, Ewing and Doss, Nathan and Skjellum, Anthony},
  journal={Parallel computing},
  volume={22},
  number={6},
  pages={789--828},
  year={1996},
  publisher={Elsevier}
}